2126 2931
104 631 126 647 lo

97 1148 121 1164 20

92 1667 117 1685 30

89 2187 113 2204 411

737 78 936 105 EPIS'FOLAE
958 79 1150 108 SELEUTAE.
1188 83 1261 109 1248.
1765 90 1825 119 415

182 163 382 203 tyrampniee
412 163 590 205 inexperti,
623 166 676 206 qui
706 176 767 196 non
800 167 962 197 exactoris
994 167 1083 207 virga
1106 168 1213 199 ferrea
1238 170 1294 200 sed
1320 171 1382 202 leni
1408 177 1541 213 paterne
1568 174 1827 206 mansuetudinis

181 214 403 254 gubernaculo
429 215 618 257 diriguntur.
658 218 709 248 Illi
732 228 816 253 vem„
843 218 1073 259 cuiuscumque
1100 219 1220 250 ordinis
1246 222 1296 252 vel
1322 216 1511 255 conditionis
1536 226 1711 263 extiterint,
1736 237 1826 267 quos,

183 266 323 296 maxime
352 271 524 308 postquam
554 269 718 299 exereitus
752 269 890 299 ecclesie
920 268 1174 300 introducendus
1204 271 1235 301 in
1268 283 1402 313 regnum
1433 276 1507 306 illue
1538 276 1608 307 Deo
1638 277 1720 308 duee
1752 289 1825 319 per-

184 318 321 353 venerit,
351 321 416 348 tam
440 319 622 350 inconsulta
647 320 781 351 vesania
805 320 911 351 eidem
937 320 971 350 F.
996 322 1136 351 tenuerit
1160 322 1324 363 alligatos,
1357 329 1391 355 ut
1415 327 1521 367 potius
1546 329 1647 358 velint
1673 332 1826 370 tanquam

180 369 265 399 servi
289 369 347 400 sub
373 370 474 411 ipsius
503 371 608 412 perire
641 371 845 412 tyrampnide
878 382 973 412 quam
1004 371 1043 402 ad
1075 372 1234 403 libertatis
1266 375 1410 414 gloriosa
1440 379 1559 419 premia
1589 380 1763 411 redeuntes
1794 381 1825 411 in

180 421 251 451 sinu
280 421 380 451 libere
410 423 521 452 matris
553 433 624 453 cum
655 423 728 453 filiis
759 423 931 458 contineri,
968 423 1070 453 sciant
1100 435 1242 461 exnunc„
1281 437 1319 457 ne
1352 428 1381 457 in
1417 434 1580 469 ptjistcrum
1614 431 1755 462 babeant
1785 444 1825 463 ex

179 472 359 512 ignorantie
392 473 590 514 allegatione
623 474 814 515 presidium.
851 486 901 506 se.
939 474 964 504 si
999 474 1116 505 fuerint
1151 476 1297 507 civitates
1333 479 1382 508 vel
1418 481 1548 521 oppida.
1584 483 1759 523 15›1·ivilegiis
1794 488 1826 514 et

179 524 353 554 honoribus
379 525 545 556 civitatum
571 529 602 557 et
627 526 881 556 immunitatibus
906 525 1174 567 quibusmunque,
1201 528 1227 557 si
1245 530 1379 560 comites
1397 536 1452 561 aut
1471 532 1607 564 barenes
1626 535 1676 565 vel
1694 536 1823 576 quales-

179 586 314 616 cumque
339 577 392 606 alii
417 577 545 607 militari
571 577 691 607 honore
717 577 860 607 decorati
886 587 943 607 seu
968 577 1103 618 quilibet
1133 578 1187 608 alii
1218 579 1305 615 laici,
1336 581 1454 619 feudis,
1488 584 1610 615 iuribus
1639 596 1675 615 ao
1706 587 1823 617 ceteris

179 627 411 668 temporalibus
435 627 529 658 bonis
556 629 637 663 suis,
671 629 695 658 si
721 632 828 658 autem
854 628 975 666 clerici,
1007 629 1239 660 ecclesiasticis
1269 631 1480 672 dignitatibus
1508 638 1540 665 et
1571 637 1738 667 benefieiis
1767 648 1823 679 pro

177 689 232 709 sue
259 679 443 710 rebellionis
469 691 505 710 ae
531 679 665 722 perfidie
690 680 864 721 pertinatia
889 683 1047 721 perpetuo
1073 681 1238 721 spoliatos.
1286 682 1428 724 Dignum
1456 690 1505 716 est
1530 688 1630 723 enim,
1662 692 1696 718 ut
1727 689 1822 729 (ligne

176 730 401 761 retributionis
427 735 667 773 consequantur
692 731 851 772 stipendia
879 742 941 762 una
965 742 1036 762 eum
1063 733 1111 762 sui
1136 736 1267 764 auctore
1297 737 1432 776 periculi
1461 738 1522 767 iam
1551 739 1738 781 dampnato,
1770 741 1823 781 qui

176 792 249 812 eum
274 781 344 813 Deo
370 783 549 824 postposito
575 794 666 813 suam
696 783 895 813 constituunt
925 783 1115 824 portionem.
1162 784 1205 814 Et
1235 788 1269 815 ut
1299 787 1425 827 plenius
1457 794 1632 829 agnoscant
1660 802 1752 821 suum
1781 802 1822 822 ex

177 843 261 874 pena
285 838 465 875 peceatum,
491 835 575 865 fame
600 834 718 865 decore
744 834 887 864 mulctati
912 833 1090 865 reddantur
1112 835 1243 867 infamie
1266 842 1421 879 perpetue
1440 840 1593 878 indecori,
1618 847 1652 872 ut
1669 846 1821 884 tanquam

178 885 337 925 illegitimi
361 896 379 916 a
404 886 558 926 legitimis
583 886 707 916 actibus
732 886 837 923 alieni7
867 885 907 916 ad
931 886 1149 916 testimonium
1176 888 1361 920 nullatenus
1386 890 1605 926 admittantur,
1631 898 1662 924 et
1687 895 1820 925 intesta-

176 936 257 967 biles
282 937 358 967 facti
384 937 485 967 libera
512 941 781 968 testamentorum
808 942 940 967 careant
965 937 1115 970 factione,
1141 949 1201 969 nec.
1227 939 1266 969 ad
1293 942 1515 973 successiones
1540 945 1707 976 accedant

283 988 382 1019 Porro
407 1000 500 1019 nemo
534 989 594 1019 sibi
619 988 658 1019 de
691 989 893 1029 benignitate
926 988 1012 1018 sedis
1046 990 1223 1030 apostolice
1256 991 1450 1027 blandiatur,
1483 995 1567 1035 quod
1598 1000 1673 1026 tune
1706 997 1820 1035 solum,

174 1050 245 1070 cum
278 1051 459 1081 repugnare
491 1051 554 1071 non
584 1044 749 1081 poterunt,
781 1039 819 1070 ad
853 1040 953 1081 ipsius
984 1041 1190 1071 clementiam
1224 1048 1426 1074 recurrentes
1460 1046 1672 1077 restitutionis
1697 1049 1821 1089 possint

174 1092 428 1122 misericordiam
454 1093 609 1124 invenire.
635 1092 691 1122 sed
716 1092 860 1132 quisquis
885 1091 1046 1122 obstinate
1072 1092 1258 1124 rebellionis
1284 1096 1410 1137 culpam
1435 1096 1611 1131 admiserit,
1642 1100 1820 1131 certissime

174 1144 310 1179 noverit,
336 1143 420 1185 quod
444 1155 501 1185 per
528 1155 631 1174 seram
657 1144 866 1184 penitentiam
892 1144 1104 1174 restitutionis
1124 1145 1250 1175 veniam
1274 1157 1337 1177 non
1356 1147 1498 1184 habehit,
1524 1150 1598 1190 quia
1615 1161 1693 1191 erga
1711 1151 1819 1181 huius-

171 1194 257 1225 modi
286 1195 541 1226 misericorditer
572 1195 689 1234 rigebit
720 1196 795 1225 iusti
826 1195 998 1236 disciplina
1023 1196 1140 1235 vigoris
1174 1197 1214 1227 ad
1246 1202 1403 1229 terrorem
1435 1201 1585 1231 similium
1612 1202 1642 1231 in
1667 1203 1819 1238 futurum,

170 1246 286 1287 quibus
321 1247 493 1277 crudeliter
527 1247 651 1277 indulta
689 1248 859 1277 clementia
900 1248 1151 1289 presumptionis
1189 1255 1318 1290 pareret
1360 1251 1565 1284 incentivum.
1624 1253 1753 1284 Etenim
1793 1255 1817 1285 si

170 1297 282 1327 talium
313 1299 441 1339 eulpam
473 1299 674 1339 contingeret
706 1299 920 1329 beneficentia
949 1299 1033 1340 quod
1064 1300 1148 1330 absit
1178 1302 1227 1331 vel
1269 1302 1459 1343 impunitate
1501 1305 1627 1341 nutriri,
1661 1305 1818 1336 bonorum

172 1350 272 1380 virtus
306 1351 499 1392 improperio
531 1354 735 1392 contemptus
768 1351 964 1392 exprobrata
996 1351 1151 1382 deficeret
1183 1354 1394 1384 etmalorum
1421 1356 1517 1385 latius
1542 1367 1637 1397 quam
1663 1357 1819 1388 bonorum

172 1401 203 1431 in
228 1402 400 1442 pernitiem
426 1403 587 1444 publicam
612 1407 802 1433 texerentur
827 1403 989 1443 exempla.
1029 1404 1062 1433 Si
1088 1414 1164 1434 vero
1190 1404 1355 1436 hominum
1381 1407 1560 1448 aliquarum
1586 1409 1750 1439 civitatum
1768 1410 1819 1440 vel

170 1453 313 1484 locorum
338 1455 428 1495 regni
454 1455 571 1496 prefati
596 1454 701 1485 adhue
727 1455 925 1496 persecutori
952 1456 1091 1485 ecclesie
1118 1456 1343 1488 adherentium
1362 1458 1520 1490 Dominus
1545 1460 1642 1490 eorda
1666 1461 1818 1501 tetigerit,

170 1509 204 1535 ut
228 1506 338 1546 iugum
365 1517 501 1537 onerose
526 1506 739 1548 tyrampnidis
766 1510 797 1536 et
823 1511 986 1547 sceptrum
1015 1507 1209 1538 insatiabilis
1242 1511 1403 1540 exactoris
1428 1522 1445 1540 a
1471 1512 1651 1542 cervicibus
1681 1513 1816 1554 propriis

170 1557 370 1599 deponentes
395 1563 591 1599 consurgant
617 1570 687 1588 cum
713 1558 851 1588 ecclesia
877 1562 1027 1599 stentque
1054 1559 1191 1590 fideliter
1215 1560 1369 1591 adversus
1393 1563 1571 1603 iniquitatis
1589 1563 1699 1599 filium,
1724 1564 1816 1594 ouius

170 1620 283 1640 manus
309 1614 420 1640 contra
445 1621 556 1640 omnes
582 1615 641 1641 est.
672 1614 804 1651 propter
828 1609 911 1650 11111111
937 1611 1003 1640 fieri
1028 1610 1149 1641 debent
1174 1623 1286 1643 manus
1312 1615 1452 1644 omnium
1478 1619 1587 1644 contra
1613 1626 1702 1645 eum:
1736 1621 1818 1645 nona

170 1662 271 1692 solnm
297 1663 344 1692 eis
370 1666 523 1692 statutam
549 1661 699 1692 cuntibus
726 1662 756 1692 in
781 1661 881 1692 Terre
901 1664 1021 1692 Sancte
1048 1663 1227 1694 subsidium
1253 1664 1487 1703 indulgentiam
1512 1667 1687 1707 elargimur
1712 1667 1815 1698 illam-

168 1724 229 1754 que
255 1714 487 1755 plenitudinem
514 1719 668 1755 perpetue
695 1713 868 1743 libertatis.
893 1724 955 1754 qua
980 1715 1094 1744 florent
1120 1716 1258 1746 ecclesie
1284 1717 1341 1747 filii
1367 1718 1527 1759 inexperti
1546 1719 1671 1749 servilis
1690 1719 1816 1757 iniurie,

168 1766 339 1796 statuinms
376 1766 406 1796 in
444 1765 643 1798 mercedem,
681 1776 792 1795 verum
830 1765 926 1795 etiam
958 1765 1035 1806 ipsis
1067 1766 1286 1807 insuperabile
1318 1770 1524 1809 protectionis
1557 1773 1588 1800 et
1620 1770 1815 1801 defensionis

167 1817 340 1850 auxilium,
373 1818 403 1847 in
435 1817 521 1847 nullo
553 1818 599 1848 eis
630 1817 814 1847 defuturum
841 1817 1009 1849 articulo&
1039 1818 1241 1858 pollicemur,
1274 1831 1345 1850 cum
1370 1821 1502 1862 dignum
1528 1823 1569 1852 sit
1593 1834 1664 1857 eos„
1697 1823 1749 1863 qui
1776 1822 1815 1852 ad

168 1869 365 1910 propositum
402 1869 548 1899 omnibus
584 1869 700 1899 bonum
741 1869 834 1910 primi
874 1870 1134 1910 p1·ecueur1-‹i=rint
1173 1876 1204 1901 et
1244 1872 1404 1912 preduees
1444 1874 1593 1907 aliorum.
1635 1874 1814 1915 potioribus

169 1924 354 1951 eternorum
380 1925 411 1951 et
442 1922 667 1963 temporalium
696 1922 826 1962 premiis
858 1922 1028 1962 preveniri.
1076 1921 1144 1952 Nee
1170 1927 1343 1954 vereantur
1373 1925 1431 1959 1111,
1467 1926 1519 1966 qui
1551 1936 1584 1955 se
1618 1925 1815 1956 subiecerint

167 1971 317 2002 mandato
342 1973 452 2003 matris
478 1973 627 2009 ecclesie,
652 1973 682 2002 in
708 1973 850 2003 eiusdem
869 1972 904 2002 F.
925 1974 974 2003 vel
1001 1974 1138 2003 tiliorum
1163 1974 1232 2004 eius
1257 1974 1432 2006 dominium
1457 1989 1490 2007 se
1515 1977 1589 2007 ullis
1614 1977 1814 2018 temporibus

167 2023 379 2058 reducendo&
405 2035 476 2055 cum
501 2036 612 2055 eorum
638 2025 822 2055 libertatem
848 2025 895 2055 eis
920 2029 953 2055 ut
979 2025 1099 2055 dictum
1125 2030 1175 2056 est
1200 2026 1450 2068 impendendam
1475 2040 1493 2059 a
1518 2029 1611 2059 nobis
1636 2029 1813 2060 defendere

166 2075 236 2105 Deo
272 2076 401 2106 iuvante
437 2077 511 2106 totis
540 2077 661 2107 viribus
699 2076 914 2107 intendamus.
966 2077 1059 2107 Licet
1089 2078 1175 2108 enim
1208 2077 1300 2109 dolus
1333 2080 1402 2110 eius
1435 2081 1615 2111 tenebrosis
1646 2081 1813 2111 fraudibus

168 2127 351 2164 institutus,
392 2127 466 2158 dum
503 2128 578 2158 olim
616 2128 772 2158 bonarum
810 2129 969 2159 interdum
1009 2130 1193 2170 specierum
1227 2131 1378 2171 ymagine
1420 2135 1598 2170 tegeretur,
1638 2133 1810 2173 puritatem

167 2179 305 2210 ecclesie
337 2180 534 2210 ambulantis
566 2181 597 2210 in
629 2181 700 2210 luco
732 2192 809 2221 sepe
844 2181 1014 2214 deluserit,
1049 2181 1107 2211 sub
1140 2182 1274 2212 mentito
1307 2183 1394 2224 pacis
1425 2184 1535 2213 osculo
1569 2183 1709 2213 menbris
1744 2184 1811 2213 eius

165 2241 304 2260 morsum
330 2231 461 2261 lesionis
486 2231 652 2272 i11figens⁰‚
679 2232 724 2262 sie
749 2236 856 2262 tamen
882 2232 943 2262 iam
968 2233 1105 2263 innotuit
1129 2233 1257 2264 detecta
1275 2234 1411 2264 nocendi
1431 2235 1616 2275 malignitas
1634 2236 1664 2265 in
1682 2238 1811 2265 versuto

166 2286 197 2312 ct
216 2282 443 2323 supplantandi
461 2283 601 2313 versutia
621 2284 651 2313 in
670 2285 821 2324 maligno,
847 2283 931 2324 11111111
949 2284 1099 2315 decetero
1118 2285 1254 2315 eandem
1278 2286 1459 2324 ecelesiam,
1485 2297 1578 2327 quani
1603 2286 1812 2317 reddiderunt

166 2334 393 2374 preteritorum
419 2345 552 2364 casuum
577 2335 804 2376 exlmrinwnta
828 2336 1064 2371 cautissi1nan1‚
1098 2337 1164 2366 111111.
1187 2338 1365 2378 penitentie
1394 2338 1494 2373 fictio,
1526 2338 1591 2367 ulla
1622 2337 1810 2368 humilitatis

166 2385 329 2415 simulatio
354 2385 468 2416 fallere
494 2396 557 2416 non
583 2387 718 2422 valebit,
752 2390 786 2417 ut
816 2388 907 2417 ruina
939 2388 1093 2428 prostrati
1124 2388 1162 2418 dc
1193 2389 1331 2419 eulmine
1363 2389 1537 2430 imperialis
1563 2393 1595 2419 et
1620 2389 1699 2429 regii
1723 2389 1809 2430 prin-

165 2437 291 2477 cipatus
316 2437 423 2477 aliquo
449 2437 591 2468 remedio
615 2438 655 2469 ad
680 2439 850 2479 pristinum
877 2439 992 2469 solium
1018 2444 1196 2481 reparetur.
1245 2440 1369 2471 Scimus
1395 2441 1523 2481 quippe,
1555 2440 1638 2481 quod
1663 2441 1693 2470 in
1722 2451 1808 2470 com-

164 2498 293 2518 munem
319 2499 429 2518 casum
452 2494 650 2530 resurgerct‚
675 2501 769 2531 quem
795 2490 870 2520 iusti
895 2490 1004 2521 iudicii
1029 2501 1167 2521 censura
1190 2491 1320 2527 deiecit„
1347 2503 1404 2522 nce
1429 2495 1540 2532 posset
1565 2492 1661 2521 statui
1685 2491 1808 2532 absque

165 2539 373 2569 destitutione
398 2540 586 2576 multorum,
617 2546 648 2572 ct
674 2542 704 2572 in
730 2542 893 2582 proprium
920 2542 1087 2573 moliretur
1112 2543 1261 2579 exitium,
1294 2543 1436 2583 quisquis
1463 2554 1612 2584 reparare
1637 2547 1809 2583 temptaret

164 2591 306 2621 omnium
331 2591 430 2621 exitia
456 2592 656 2624 molientem.
702 2593 839 2634 l’roptcr
863 2593 947 2634 quod
972 2593 1011 2624 de
1037 2593 1188 2625 cordibus
1214 2594 1356 2624 fidelium
1382 2594 1484 2624 omnis
1510 2594 1662 2624 hesitatio
1688 2594 1807 2624 tituba-

266 2704 289 2735 a)
310 2711 356 2727 nec
375 2712 442 2728 corr.
461 2713 519 2729 non.
625 2704 648 2728 b,
667 2706 802 2730 articulum
822 2707 928 2730 articulo
946 2706 977 2730 Jz'.
1085 2709 1105 2737 ⁰)
1124 2707 1237 2739 insigens
1254 2707 1284 2731 Ii’.
