2126 2931
73 674 81 690 l
84 675 96 690 (J

72 2238 96 2256 {o

707 111 906 137 EPISTOLAE
926 111 1114 138 SELECTAE.
1153 112 1226 138 1246.
1737 115 1793 143 115

148 203 248 244 ipsius
274 201 366 232 nobis
391 202 556 230 constaret
581 198 721 232 iuribus,
745 198 844 228 ullam
869 197 979 235 tidem7
1012 208 1084 228 cum
1113 197 1197 228 idem
1229 209 1337 229 comes
1362 199 1441 230 illud
1465 199 1668 230 revocaverit
1692 202 1792 230 testa-

148 257 291 285 mentum
317 256 349 283 et
372 247 551 282 decesserit
574 250 703 291 penitus
728 250 912 281 intestatus.
960 249 1011 280 Ad
1036 249 1100 279 ista
1125 249 1236 289 igitur,
1266 250 1341 281 licet
1366 250 1502 281 dilectus
1528 251 1612 281 filius
1638 251 1794 291 magister

150 304 356 337 Laurentius.
382 302 514 333 nuntius
533 307 618 334 tuus,
644 301 729 344 apud
748 301 859 332 sedem
877 301 1088 343 apostolicam
1107 302 1311 337 constitutus,
1337 302 1389 343 qui
1407 312 1504 343 super
1521 302 1580 332 hiis
1598 305 1630 333 et
1647 302 1793 343 pluribus

148 358 230 391 aliis,
255 356 295 387 de
319 354 582 396 contingentibus
607 354 650 384 nil
668 354 830 391 omittens,
855 353 997 395 pulsavit
1014 352 1123 394 sepius
1141 363 1236 383 aures
1254 356 1391 391 nostras,
1416 354 1628 385 intentionem
1647 356 1792 384 nostram

148 413 180 440 et
209 419 271 450 que
303 408 365 438 iam
393 406 528 437 fecimus
561 406 648 436 circa
681 416 721 436 ea
744 405 911 436 serenitati
936 408 990 435 tue
1014 405 1157 446 potuerit
1189 404 1373 438 intimasse,
1406 405 1514 436 taliter
1546 406 1793 447 respondemus⁷

148 460 233 502 quod
257 470 328 490 cum
354 470 395 490 ex
420 460 573 498 suscepto
590 468 609 488 a
626 457 765 488 Domino
784 456 961 498 apostolice
987 456 1285 486 amministrationis
1305 457 1410 487 officio
1428 460 1597 487 teneamur
1613 457 1793 491 universos,

148 511 202 552 qui
232 511 416 542 Christiana
450 509 650 551 professione
682 513 873 541 censentur,
904 509 936 539 in
966 519 1078 539 eorum
1113 508 1235 538 iuribus
1266 508 1453 541 confovere.
1488 512 1607 550 quanto
1641 512 1729 539 tuam
1761 512 1794 539 et

148 563 266 604 prefati
290 563 336 593 tui
365 562 511 603 germani
542 571 714 602 personas,
745 564 898 601 tanquam
929 560 1021 590 uobis
1051 564 1083 590 et
1113 559 1252 590 ecclesie
1277 559 1422 590 Romane
1453 560 1588 601 speciali
1620 560 1792 591 affectione

147 614 293 651 devotas,
317 614 443 655 plenius
467 613 498 643 in
524 612 653 644 Christo
678 611 853 653 diligimus,
879 614 966 642 tanto
992 610 1146 642 libentius
1172 622 1219 649 ea2
1246 621 1307 652 que
1332 611 1371 641 ad
1397 611 1444 642 ius
1474 615 1563 642 tuum
1590 615 1621 642 ct
1646 611 1792 642 eiusdem

149 666 257 696 fratris
282 666 326 696 tui
351 665 512 706 pertinere
538 668 725 701 noscuntur,
750 664 844 694 illesa
863 673 993 694 servare
1012 674 1073 693 non
1091 663 1164 704 plus
1181 674 1221 694 ex
1241 662 1351 693 debito
1370 663 1594 693 sollicitudinis
1620 663 1792 704 pastoralis

146 728 242 758 quam
273 717 437 758 proposito
469 717 596 758 proprie
628 715 801 746 voluntatis
833 714 1029 745 intendimus
1062 718 1093 745 et
1124 718 1283 756 optamus
1331 714 1382 745 Ad
1413 714 1593 745 faciendam
1618 725 1693 745 vero
1720 725 1792 755 pro-

147 769 338 800 hibitionem
370 769 518 810 superius
550 772 738 799 annotatam
768 768 852 798 iusta
882 767 1121 798 deliberatione
1159 768 1283 797 consilii
1315 767 1354 797 ad
1387 777 1522 808 presens
1559 777 1620 797 non
1656 766 1794 796 vidimus

147 820 399 862 procedendum,
424 831 480 862 pro
505 830 544 851 eo
569 819 654 861 quod
680 830 736 861 pro
761 822 852 861 parte
877 822 932 849 tua
957 822 989 849 et
1014 818 1129 860 prefati
1153 819 1259 849 fratris
1283 819 1328 849 tui
1353 829 1413 849 non
1441 819 1621 860 comparuit
1638 818 1794 848 hactenus

147 872 263 913 aliquis
288 882 395 901 coram
422 872 524 906 nobis,
549 872 603 913 qui
627 882 724 913 super
748 872 816 902 iure
841 871 1166 912 prescriptoanobis
1193 871 1223 901 in
1249 871 1350 901 forma
1374 870 1483 901 iudicii
1507 870 1663 900 iustitiam
1682 873 1793 911 postu-

148 923 238 959 larem
270 923 344 964 quin
369 923 454 953 inmo
479 923 614 964 predicti
639 923 676 954 Β.
702 927 734 954 et
759 923 807 956 R,
841 922 926 964 quod
951 922 1127 953 secundum
1153 923 1287 953 formam
1314 923 1401 953 illam
1426 922 1604 964 procedere
1634 922 1664 952 in
1694 922 1794 963 ipsius

147 975 223 1005 iuris
253 975 482 1016 prosecutione
514 975 682 1005 nolebant.
716 975 746 1005 in
779 978 887 1005 nostra
920 974 1009 1005 fuere
1040 975 1204 1015 presentia
1235 975 1420 1015 protestati.
1457 978 1489 1005 et
1519 985 1591 1004 eum
1624 984 1793 1004 causarum

147 1026 261 1057 merita
286 1027 424 1068 partium
451 1027 631 1057 assertione
662 1027 858 1068 pandantur,
890 1026 930 1057 de
961 1026 1030 1057 iure
1062 1027 1115 1057 illo
1145 1026 1316 1068 quicquam
1346 1026 1426 1057 certi
1460 1026 1664 1067 nequivimus
1690 1025 1794 1056 adhuc

147 1078 244 1109 scire:
270 1078 338 1109 zelo
365 1082 471 1109 tamen
498 1082 632 1120 paterne
651 1078 834 1109 dilectionis
854 1078 965 1115 illecti7
990 1089 1053 1119 qua
1078 1082 1166 1108 tunm
1185 1082 1217 1108 et
1242 1078 1461 1119 proximorum
1486 1081 1613 1108 tuorum
1638 1077 1793 1108 honorem

148 1140 336 1171 promovere
361 1131 508 1172 cupimus
534 1136 566 1161 et
590 1135 816 1169 angmentum,
843 1141 953 1171 regem
980 1130 1175 1161 Francorum
1201 1134 1232 1161 et
1258 1131 1410 1160 vau-olum
1442 1130 1618 1171 prelibatos
1643 1129 1794 1170 precibus

146 1185 178 1212 et
202 1182 331 1212 monitis
356 1182 511 1212 attentius
537 1186 569 1213 et
586 1181 773 1223 diligentius
799 1182 1000 1213 inducemus,
1025 1187 1059 1212 ut
1083 1182 1262 1212 auinmrum
1288 1192 1418 1212 suarum
1445 1181 1540 1211 saluti
1566 1180 1697 1222 provide
1720 1191 1793 1210 eon-

147 1234 302 1269 sulentes,
330 1235 409 1267 iura,
434 1245 496 1275 que
520 1234 560 1265 ad
586 1238 674 1264 tuam
699 1238 730 1265 et
755 1234 892 1275 predicti
918 1234 1024 1264 fratris
1050 1234 1095 1264 tui
1119 1245 1249 1264 uxores.
1277 1234 1419 1275 ipsorum
1446 1236 1611 1273 cognatas,
1637 1232 1668 1262 in
1693 1231 1792 1262 eomi-

147 1288 214 1316 tatu
239 1286 401 1327 pertinent
426 1285 628 1327 supradicto„
660 1286 706 1316 eis
739 1285 890 1316 studeant
920 1286 1097 1316 liberaliter
1122 1285 1290 1316 exhibere.
1338 1284 1507 1317 Ceterum,
1536 1283 1621 1325 qnod
1651 1283 1709 1313 iuri
1740 1286 1794 1313 tuo

147 1340 179 1367 ct
209 1337 426 1378 prenominati
459 1338 567 1368 fratris
600 1338 644 1368 tui
675 1348 733 1379 per
764 1337 1043 1379 dispensationem
1075 1338 1287 1379 prescriptam
1314 1337 1344 1367 in
1376 1337 1483 1377 aliquo
1509 1336 1698 1377 derogetur,
1731 1345 1793 1365 non

148 1387 285 1418 vidimus
318 1399 377 1419 nee
409 1388 569 1426 videmus,
606 1400 665 1419 nec
696 1388 822 1419 videtur
854 1389 949 1419 etiam
982 1389 1077 1419 alicui
1109 1400 1187 1419 sane
1223 1389 1356 1424 mentis,
1393 1399 1573 1429 quanquam
1612 1388 1794 1418 incentores

147 1441 314 1473 malorum,
340 1441 437 1471 emuli
463 1441 606 1471 veritatis
630 1445 662 1471 et
686 1441 838 1471 falsitatis
863 1442 967 1474 amici,
994 1452 1054 1471 non
1074 1452 1245 1482 numquam
1265 1441 1445 1482 depravare
1470 1443 1661 1481 presumant
1687 1442 1794 1469 rectos

145 1493 280 1524 affectus
305 1504 341 1523 ac
367 1493 471 1523 licitas
490 1493 644 1524 actiones.
691 1493 731 1523 Et
749 1493 891 1534 quidem.
916 1494 1061 1534 quamvis
1080 1504 1151 1524 eum
1172 1493 1316 1534 predicto
1337 1493 1462 1527 carolo,
1488 1495 1522 1522 ut
1545 1491 1640 1521 alicui
1658 1490 1794 1520 mulieri.

145 1555 207 1585 que
232 1544 263 1574 in
289 1548 401 1585 quarta
427 1545 512 1575 linea
536 1545 828 1583 consanguinitatis
847 1545 895 1575 vel
920 1545 1088 1575 affinitatis
1113 1545 1266 1575 attineret
1292 1544 1406 1574 eidem.
1432 1547 1544 1584 posset
1569 1542 1790 1573 matrimonia-

146 1597 219 1627 liter
243 1596 398 1637 copulari,
423 1595 632 1626 duxerimus³²
656 1596 921 1638 dispensandum.
948 1596 1054 1626 illam¹'
1080 1600 1197 1626 tamen.
1224 1606 1295 1626 cum
1319 1606 1381 1636 qua
1404 1595 1565 1625 contraxit
1590 1593 1793 1635 postmodum

146 1648 293 1690 copulam
319 1648 534 1689 coniugalem.
561 1649 609 1678 vel
635 1649 731 1679 aliam
758 1649 926 1679 mulierem
953 1649 982 1678 in
1002 1647 1254 1689 dispensationis
1281 1652 1388 1677 nostre
1414 1646 1531 1688 pagina
1550 1656 1613 1676 nou
1632 1646 1793 1686 expressi—

148 1710 218 1730 mus
244 1700 447 1730 nominatim:
482 1711 540 1730 nee
573 1700 681 1731 decuit
706 1700 883 1730 Romanam
909 1701 1081 1731 ecclesiam
1109 1701 1175 1730 viro
1201 1704 1264 1730 tam
1290 1699 1391 1730 nobili
1416 1699 1455 1729 de.
1481 1699 1580 1739 stirpe
1606 1698 1693 1738 regia
1721 1708 1793 1738 pro-

147 1756 256 1782 creato
289 1752 541 1793 dispensationis
579 1753 609 1783 in
645 1753 756 1783 ultimo
791 1753 905 1783 saltem
943 1752 1170 1793 prohibitionis
1207 1751 1484 1782 matrimoniorum
1520 1749 1621 1790 gradu
1659 1749 1794 1790 gratiam

146 1803 319 1843 denegare.
345 1815 439 1845 quam
465 1804 641 1835 minoribus
667 1816 794 1846 quoquc
820 1805 963 1846 personis
989 1804 1159 1835 consuevit
1188 1803 1348 1834 interdum
1379 1803 1410 1832 in
1444 1801 1664 1843 propinquiori
1698 1801 1794 1831 etiam

147 1854 327 1895 indulgere.
374 1856 583 1887 Testamento
608 1861 726 1889 autem,
753 1856 836 1897 quod
863 1856 1068 1897 supradictus
1095 1855 1263 1886 l'rox‘incie
1289 1866 1398 1885 comes
1424 1854 1580 1884 asseritur
1604 1852 1795 1884 condidisse.

149 1917 207 1938 nec
232 1907 393 1939 credimus
419 1919 477 1939 nec
502 1909 679 1944 credemus„
706 1909 766 1939 nisi
786 1912 945 1950 quatenus
964 1908 1056 1938 nobis
1074 1907 1199 1938 iustitia
1223 1905 1382 1937 suadebit.
1430 1905 1481 1936 Ex
1499 1905 1560 1935 hiis
1578 1905 1686 1945 itaque
1707 1904 1794 1945 puri-

149 1962 248 1989 tatem
274 1959 379 1990 cordis
404 1960 505 1991 nostri
531 1964 561 1991 ct
591 1961 810 1991 sinceritatem
835 1960 1019 1991 dilectionis
1044 1958 1235 1990 adtendens.
1262 1957 1482 1988 indevotione
1501 1956 1588 1987 sedis
1605 1955 1795 1998 apostolice,

148 2010 260 2041 matris
284 2014 350 2050 tue⁷
374 2022 434 2053 que
460 2012 515 2042 tibi
540 2023 576 2043 ae
603 2013 664 2043 tuis
689 2012 720 2042 in
745 2012 884 2053 negotiis
910 2011 1071 2042 universis
1097 2010 1275 2042 secundum
1300 2009 1406 2040 Deum
1432 2009 1541 2040 extitit
1566 2012 1597 2039 et
1622 2019 1694 2039 esse
1720 2018 1792 2049 pro-

147 2062 235 2103 ponit
259 2062 448 2093 favorabilis
474 2067 505 2094 ct
529 2064 679 2105 benigna.
711 2068 876 2105 tamquam
900 2063 984 2094 filius
1013 2063 1203 2094 benedictus
1226 2063 1417 2092 inconcusse
1444 2061 1610 2102 persistas.
1642 2064 1675 2090 ct
1700 2060 1794 2089 nullis

148 2114 470 2155 interpretationibus
500 2120 554 2146 aut
587 2116 851 2156 suggestionibus
883 2116 1078 2156 iniquorum⁴
1113 2115 1166 2156 qui
1197 2115 1241 2145 tui
1274 2113 1371 2144 animi
1405 2112 1589 2143 firmitatem
1621 2123 1639 2142 a
1669 2112 1794 2142 fervore

148 2165 329 2196 devotionis
355 2167 454 2207 ipsius
479 2171 628 2198 avertere
654 2167 840 2198 moliuntur.
865 2167 1069 2208 aliquatenus
1093 2166 1295 2207 acquiescas,

257 2226 330 2257 Dat.
355 2226 516 2267 Lugduni,
541 2227 616 2259 Kal.
642 2228 760 2261 Martii,
786 2239 870 2259 anno
896 2228 991 2258 tertio
1006 2228 1025 2258 ¹.

258 2287 291 2318 [n
316 2286 454 2318 cundem
480 2287 609 2318 modum
635 2288 733 2319 nobili
759 2288 827 2319 viro
846 2288 884 2320 R.
903 2288 1012 2319 comiti
1033 2287 1196 2319 Cornubic
1222 2298 1279 2328 per
1301 2290 1413 2318 totum.
1440 2285 1547 2316 verbis
1571 2287 1796 2326 competenter

149 2339 291 2370 mutatis.

251 2478 274 2505 a)
294 2478 414 2502 duximus
434 2478 470 2502 M.
561 2478 583 2509 Ι1)
604 2479 646 2502 illa
666 2479 703 2502 Μ.

254 2546 276 2573 1)
295 2554 320 2569 a.
344 2549 410 2573 1246,
430 2545 511 2570 Mum.
532 2550 546 2571 6
567 2546 711 2571 I›’‹‘nlri<.¹‹.¹m
738 2546 896 2571 munitissam
917 2546 1080 2577 l’rm-iuciue,
1108 2546 1221 2570 wiseram
1244 2543 1401 2577 Ii'ttymnudl
1422 2542 1576 2575 Ιίννιήῃανίὶ
1598 2541 1645 2569 IV,
1671 2542 1718 2565 sul,
1734 2549 1794 2573 pro-

151 2587 256 2612 {catione
275 2596 325 2612 sua
345 2588 450 2620 recapit,-
470 2589 564 2621 Rcrycr
584 2593 650 2621 123⁹,
672 2593 749 2615 1740:
767 2590 798 2620 (Γ.
820 2593 887 2614 1741.

1539 2797 1589 2821 152«v
